<record><leader>00000cas a2200000 a 4500</leader><controlfield tag="001">7541784</controlfield><controlfield tag="008">810630d18531856nyuwr ne      0    0eng c</controlfield><datafield ind1=" " ind2=" " tag="010"><subfield code="a">sn 94057835 </subfield></datafield><datafield ind1=" " ind2=" " tag="040"><subfield code="a">NYG</subfield><subfield code="b">eng</subfield><subfield code="c">NYG</subfield><subfield code="d">NYS</subfield><subfield code="d">CVF</subfield><subfield code="d">OCL</subfield><subfield code="d">KRTAS</subfield><subfield code="d">OCLCQ</subfield><subfield code="d">OCLCF</subfield><subfield code="d">OCLCO</subfield></datafield><datafield ind1="1" ind2=" " tag="029"><subfield code="a">AU@</subfield><subfield code="b">000010929212</subfield></datafield><datafield ind1=" " ind2=" " tag="042"><subfield code="a">pcc</subfield></datafield><datafield ind1=" " ind2=" " tag="043"><subfield code="a">n-us-ny</subfield></datafield><datafield ind1=" " ind2="4" tag="050"><subfield code="a">HV5285</subfield><subfield code="b">.N65</subfield></datafield><datafield ind1=" " ind2=" " tag="092"><subfield code="a">178.05</subfield><subfield code="b">fN55</subfield></datafield><datafield ind1="0" ind2="0" tag="245"><subfield code="a">New York people's organ.</subfield></datafield><datafield ind1="1" ind2="3" tag="246"><subfield code="a">People's organ</subfield></datafield><datafield ind1=" " ind2=" " tag="260"><subfield code="a">New-York [N.Y.] :</subfield><subfield code="b">Hoover &amp; Co.,</subfield><subfield code="c">1853-</subfield></datafield><datafield ind1=" " ind2=" " tag="300"><subfield code="a">v. :</subfield><subfield code="b">ill. ;</subfield><subfield code="c">38 cm.</subfield></datafield><datafield ind1=" " ind2=" " tag="310"><subfield code="a">Weekly</subfield></datafield><datafield ind1="0" ind2=" " tag="362"><subfield code="a">Vol. 13, no. 1 (July 2, 1853)-</subfield></datafield><datafield ind1="1" ind2=" " tag="362"><subfield code="a">Ceased in 1856.</subfield></datafield><datafield ind1=" " ind2=" " tag="500"><subfield code="a">"A family companion."</subfield></datafield><datafield ind1=" " ind2=" " tag="500"><subfield code="a">Published by A.D. Jones, &lt;1855&gt;-1856.</subfield></datafield><datafield ind1=" " ind2=" " tag="588"><subfield code="a">Latest issue consulted: Vol. 15, no. 52 (June 28, 1856).</subfield></datafield><datafield ind1=" " ind2="0" tag="650"><subfield code="a">Temperance</subfield><subfield code="z">New York (State)</subfield><subfield code="v">Newspapers.</subfield></datafield><datafield ind1=" " ind2="0" tag="651"><subfield code="a">New York (N.Y.)</subfield><subfield code="v">Newspapers.</subfield></datafield><datafield ind1=" " ind2="7" tag="655"><subfield code="a">Newspapers.</subfield><subfield code="2">fast</subfield><subfield code="0">(OCoLC)fst01423814</subfield></datafield><datafield ind1=" " ind2="7" tag="650"><subfield code="a">Temperance.</subfield><subfield code="2">fast</subfield><subfield code="0">(OCoLC)fst01147309</subfield></datafield><datafield ind1=" " ind2="7" tag="651"><subfield code="a">New York (State)</subfield><subfield code="2">fast</subfield><subfield code="0">(OCoLC)fst01210280</subfield></datafield><datafield ind1=" " ind2="7" tag="651"><subfield code="a">New York (State)</subfield><subfield code="z">New York.</subfield><subfield code="2">fast</subfield><subfield code="0">(OCoLC)fst01204333</subfield></datafield><datafield ind1=" " ind2=" " tag="752"><subfield code="a">United States</subfield><subfield code="b">New York</subfield><subfield code="c">New York</subfield><subfield code="d">New York.</subfield></datafield><datafield ind1="0" ind2="0" tag="780"><subfield code="t">New-York organ (New York, N.Y. : 1848)</subfield><subfield code="w">(DLC)sn 94057678</subfield><subfield code="w">(OCoLC)29749238</subfield></datafield><datafield ind1="0" ind2="7" tag="785"><subfield code="t">Advocate and examiner</subfield><subfield code="w">(DLC)sn 93053835</subfield><subfield code="w">(OCoLC)27731508</subfield></datafield><datafield ind1="0" ind2="7" tag="785"><subfield code="t">People's organ and advocate</subfield><subfield code="w">(DLC)sn 83030337</subfield><subfield code="w">(OCoLC)9477771</subfield></datafield><datafield ind1=" " ind2=" " tag="938"><subfield code="a">Kirtas Technologies, Inc.</subfield><subfield code="b">KRTS</subfield><subfield code="n">852803</subfield></datafield></record>